<record xmlns:xsi="http://www.w3.org/2001/XMLSchema-instance" xmlns="http://www.loc.gov/MARC21/slim" xsi:schemaLocation="http://www.loc.gov/MARC21/slim http://www.loc.gov/standards/marcxml/schema/MARC21slim.xsd">

  <leader>00505nam a2200157Ia 4500</leader>
  <controlfield tag="008">150727b2       u  ||||| |||| 00| | eng d</controlfield>
  <datafield ind2=" " tag="020" ind1=" ">
    <subfield code="a">9781598220575</subfield>
  </datafield>
  <datafield ind1=" " tag="090" ind2=" ">
    <subfield code="a">08.15.02 </subfield>
    <subfield code="b">1528</subfield>
  </datafield>
  <datafield ind1="1" tag="100" ind2=" ">
    <subfield code="a">Park, Daniel</subfield>
    <subfield code="9">531</subfield>
  </datafield>
  <datafield ind1="1" tag="245" ind2="0">
    <subfield code="a">Camtasia studio 5: the definitive guide / </subfield>
    <subfield code="c"> Daniel Park</subfield>
  </datafield>
  <datafield ind2=" " tag="260" ind1=" ">
    <subfield code="a">Estados Unidos de América : </subfield>
    <subfield code="b">Wordware Publishing, Inc, </subfield>
    <subfield code="c">2007</subfield>
  </datafield>
  <datafield ind2=" " tag="300" ind1=" ">
    <subfield code="a">627 páginas : </subfield>
    <subfield code="b">ilustrado</subfield>
  </datafield>
  <datafield ind1=" " ind2=" " tag="500">
    <subfield code="a">Contiene Disco Compacto # 143</subfield>
  </datafield>
  <datafield ind1=" " ind2=" " tag="650">
    <subfield code="a">PROGRAMAS DE COMPUTADORA</subfield>
  </datafield>
  <datafield ind1=" " ind2=" " tag="942">
    <subfield code="2">z</subfield>
    <subfield code="c">01</subfield>
  </datafield>
  <datafield tag="999" ind2=" " ind1=" ">
    <subfield code="c">113</subfield>
    <subfield code="d">113</subfield>
  </datafield>
</record>